@misc{ enwiki:1188072476,
	author = "{Wikipedia contributors}",
	title = "Machine learning --- {Wikipedia}{,} The Free Encyclopedia",
	year = "2023",
	url = "https://en.wikipedia.org/w/index.php?title=Machine_learning&oldid=1188072476",
	note = "[Online; accessed 5-December-2023]"
}

@book{mohri2018foundations,
	title={Foundations of Machine Learning, second edition},
	author={Mohri, M. and Rostamizadeh, A. and Talwalkar, A.},
	isbn={9780262351362},
	series={Adaptive Computation and Machine Learning series},
	url={https://books.google.com.sg/books?id=dWB9DwAAQBAJ},
	year={2018},
	publisher={MIT Press}
}

@article{Altman2015PointsOS,
	title={Points of Significance: Simple linear regression},
	author={Naomi Altman and Martin Krzywinski},
	journal={Nature Methods},
	year={2015},
	volume={12},
	pages={999-1000},
	url={https://api.semanticscholar.org/CorpusID:261269711}
}

@misc{ enwiki:1187716577,
	author = "{Wikipedia contributors}",
	title = "Gradient descent --- {Wikipedia}{,} The Free Encyclopedia",
	year = "2023",
	url = "https://en.wikipedia.org/w/index.php?title=Gradient_descent&oldid=1187716577",
	note = "[Online; accessed 5-December-2023]"
}

@misc{ enwiki:1177060479,
	author = "{Wikipedia contributors}",
	title = "Feature scaling --- {Wikipedia}{,} The Free Encyclopedia",
	year = "2023",
	url = "https://en.wikipedia.org/w/index.php?title=Feature_scaling&oldid=1177060479",
	note = "[Online; accessed 6-December-2023]"
}

@misc{ioffe2015batch,
	title={Batch Normalization: Accelerating Deep Network Training by Reducing Internal Covariate Shift}, 
	author={Sergey Ioffe and Christian Szegedy},
	year={2015},
	eprint={1502.03167},
	archivePrefix={arXiv},
	primaryClass={cs.LG}
}

@misc{mohr2022learning,
	title={Learning Curves for Decision Making in Supervised Machine Learning -- A Survey}, 
	author={Felix Mohr and Jan N. van Rijn},
	year={2022},
	eprint={2201.12150},
	archivePrefix={arXiv},
	primaryClass={cs.LG}
}

@article{STIGLER1974431,
	title = {Gergonne's 1815 paper on the design and analysis of polynomial regression experiments},
	journal = {Historia Mathematica},
	volume = {1},
	number = {4},
	pages = {431-439},
	year = {1974},
	issn = {0315-0860},
	doi = {https://doi.org/10.1016/0315-0860(74)90033-0},
	url = {https://www.sciencedirect.com/science/article/pii/0315086074900330},
	author = {Stephen M Stigler},
	abstract = {Brief mention is made of early work in the design of experiments by Galen, Avicenna, and Laplace, after which a seemingly unknown 1815 paper of Gergonne's on polynomial regression is introduced and discussed, and a translation of the paper presented.
	Résumé
	Ce mémoire discute quelques oeuvres par Galen, Avicenne, et Laplace sur le plan d'expériences, et ensuite une mémoire de Gergonne de 1815 sur la régression polynôme est introduite et une traduction en anglais est presentée.}
}

@misc{ enwiki:1175712788,
	author = "{Wikipedia contributors}",
	title = "Polynomial regression --- {Wikipedia}{,} The Free Encyclopedia",
	year = "2023",
	url = "https://en.wikipedia.org/w/index.php?title=Polynomial_regression&oldid=1175712788",
	note = "[Online; accessed 6-December-2023]"
}

@misc{ enwiki:1188449633,
	author = "{Wikipedia contributors}",
	title = "Logistic regression --- {Wikipedia}{,} The Free Encyclopedia",
	year = "2023",
	url = "https://en.wikipedia.org/w/index.php?title=Logistic_regression&oldid=1188449633",
	note = "[Online; accessed 6-December-2023]"
}

@misc{ enwiki:1152354295,
	author = "{Wikipedia contributors}",
	title = "Decision boundary --- {Wikipedia}{,} The Free Encyclopedia",
	year = "2023",
	url = "https://en.wikipedia.org/w/index.php?title=Decision_boundary&oldid=1152354295",
	note = "[Online; accessed 6-December-2023]"
}

@misc{ derivative-of-logis,
	author = "{Saket Thavanani}",
	title = "The Derivative of Cost Function for Logistic Regression",
	year = "2019",
	url = "https://medium.com/analytics-vidhya/derivative-of-log-loss-function-for-logistic-regression-9b832f025c2d",
	note = "[Online; accessed 6-December-2023]"
}

@book{regularization,
	title={Pattern Recognition and Machine Learning},
	author={Christopher M. Bishop},
	isbn={978-0-387-31073-2},
	series={Information Science and Statistics},
	url={https://link.springer.com/book/9780387310732},
	year={2016},
	publisher={Springer New York, NY}
}